<?xml version="1.0" encoding="UTF-8"?><collection xmlns="http://www.loc.gov/MARC21/slim"><record><leader>00365nam--2200133-i-4500</leader><controlfield tag="001">000041037</controlfield><controlfield tag="002">20161230</controlfield><controlfield tag="005">20161230201042</controlfield><controlfield tag="008">060222s1000------------r-----000-0-eng-d</controlfield><datafield ind1=" " ind2=" " tag="100"><subfield code="a">Seaborg, Glenn T</subfield></datafield><datafield ind1=" " ind2=" " tag="245"><subfield code="a">The transuranium elelments</subfield></datafield><datafield ind1=" " ind2=" " tag="260"><subfield code="a">Reading/Mass., Addison-wesley Publ.Co., 1958, 328p</subfield></datafield><datafield ind1=" " ind2=" " tag="490"><subfield code="a">U.S.A.Atoms For Peace, Geneva 1958</subfield></datafield><datafield ind1=" " ind2=" " tag="852"><subfield code="a">13820</subfield></datafield></record></collection>